@article{ref1,
  title={\href{https://doi.org/10.1063/1.110980}{Appl. Phys. Lett.}},
  author={Faist, J. and Sirtori, C. and Capasso, F. and Pfeiffer, L. and West, K. W.},
  journal={},
  volume={64},
  number={7},
  pages={872--874},
  year={1994},
  publisher={American Institute of Physics}
}

@article{RBoyd,
author = {Xu, S. and Porsezian, K. and He, J. and Cheng, Y.},
year = {2016},
journal = {},
month = {01},
pages = {316-340},
title ={\href{https://tinyurl.com/MaxBloch}{Multi-optical rogue waves of the Maxwell-Bloch equations}},
volume = {68}
}

@book{fibich2015nonlinear,
  title={\href{https://link.springer.com/book/10.1007/978-3-319-12748-4}{The nonlinear Schr{\"o}dinger equation}},
  author={Fibich, G.},
  volume={192},
  year={2015},
  publisher={Springer}
}

@book{Scully_Zubairy_1997,
   place={Cambridge},
   title={\href{https://doi.org/10.1017/CBO9780511813993.009}{Lasing without inversion and other effects of atomic coherence and interference}},
   booktitle={Quantum Optics},
   publisher={Cambridge University Press},
   author={Scully, M. O. and Zubairy, M. S.},
   year={1997},
   pages={220–247}
}

@article{harvey2003scalar,
  title={Scalar modulation instability in the normal dispersion regime},
  author={Harvey, J. D and Leonhardt, R. and Coen, S. and Wong, G. KL and Knight, J.C and Wadsworth, W. J and St. J. Russell, P.},
  journal={\href{https://doi.org/10.1364/OL.28.002225}{Optics letters}},
  volume={28},
  number={22},
  pages={2225--2227},
  year={2003},
  publisher={OSA}
}

@article{PhysRevLett.7.118,
  title = {Generation of Optical Harmonics},
  author = {Franken, P. A. and Hill, A. E. and Peters, C. W. and Weinreich, G.},
  journal = {\href{https://link.aps.org/doi/10.1103/PhysRevLett.7.118}{Phys. Rev. Lett.}},
  volume = {7},
  issue = {4},
  pages = {118--119},
  numpages = {0},
  year = {1961},
  month = {Aug},
  publisher = {American Physical Society},
  doi = {10.1103/PhysRevLett.7.118},
}

@article{photoniccrystal,
  title={\href{10.1109/JLT.2006.885258}{Photonic crystal fibers: a historical account}},
  author={Russell, P.},
  journal={IEEE Leos Newsletter},
  volume={21},
  number={5},
  pages={11--15},
  year={2007}
}

@article{lighthall,
  title={\href{http://dx.doi.org/10.1088/1367-2630/ab0130}{Generalized lighthill criterion for the modulation instability}},
  author={Amiranashvili, S. and Tobisch, E.},
  year={2018},
  publisher={Berlin: Weierstra{\ss}-Institut f{\"u}r Angewandte Analysis und Stochastik}
}

@article{quantumdots1980,
  title={Quantum dots},
  author={Reed, M. A},
  journal={Scientific American},
  volume={268},
  number={1},
  pages={118--123},
  year={1993},
  publisher={JSTOR}
}

@article{laserdev,
  title={Short history of laser development},
  author={Hecht, J.},
  journal={Optical engineering},
  volume={49},
  number={9},
  pages={091002--091002},
  year={2010},
  publisher={Society of Photo-Optical Instrumentation Engineers}
}

@book{lightmatter2022,
  title={\href{https://doi.org/10.1007/978-3-030-87144-4_2}{Interaction of Light with Matter}},
  author={Stenzel, O.},
  bookTitle={Light--Matter Interaction: A Crash Course for Students of Optics, Photonics and Materials Science},
  year={2022},
  publisher={Springer International Publishing},
  pages={13--35},
  isbn={978-3-030-87144-4},
}

@article{tai1986generation,
  title={Generation of subpicosecond solitonlike optical pulses by induced modulational instability},
  author={Tai, K. and Tomita, A. and Jewell, J.L. and Hasegawa, A.},
  journal={Applied physics letters},
  volume={49},
  number={5},
  pages={236--238},
  year={1986},
  publisher={American Institute of Physics}
}

@article{kraych2019nonlinear,
  title={Nonlinear evolution of the locally induced modulational instability in fiber optics},
  author={Kraych, A. E. and Suret, P. and El, G. and Randoux, St{\'e}phane},
  journal={Physical review letters},
  volume={122},
  number={5},
  pages={054101},
  year={2019},
  publisher={APS}
}

@article{erkintalo2011higher,
  title={Higher-order modulation instability in nonlinear fiber optics},
  author={Erkintalo, M. and Hammani, K. and Kibler, B. and Finot, C. and Akhmediev, N. and Dudley, J. M. and Genty, Go{\"e}ry},
  journal={Physical review letters},
  volume={107},
  number={25},
  pages={253901},
  year={2011},
  publisher={APS}
}

@article{mussot2017modulation,
  title={Modulation instability in dispersion oscillating fibers},
  author={Mussot, A. and Conforti, M. and Trillo, S. and Copie, F. and Kudlinski, A.},
  journal={\href{https://doi.org/10.1364/AOP.10.000001}{Advances in Optics and Photonics}},
  volume={10},
  number={1},
  pages={1--42},
  year={2017},
  publisher={Optical Society of America}
}

@article{BOYD2008135,
title = {\href{https://doi.org/10.1016/B978-0-12-369470-6.00003-4}{Ch 3 - \uppercase{QM} Theory of the Nonlinear Optical Susceptibility}},
editor = {R. W. Boyd},
author = {R. W. Boyd},
journal={},
publisher = {Academic Press},
edition = {Third Edition},
pages = {135-206},
year = {2008},
isbn = {978-0-12-369470-6}
}

@article{liu2021exact,
  title={},
  author={Liu, C. and Wu, Y. and Chen, S. and Yao, X. and Akhmediev, N.},
  journal={\href{https://doi.org/10.1103/PhysRevLett.127.094102}{Physical Review Letters}},
  volume={127},
  number={9},
  pages={094102},
  year={2021},
  publisher={APS}
}

@article{Benjamin_Feir_1967,
  title={The disintegration of wave trains on deep water Part 1. Theory},
  volume={27},
  number={3},
  journal={\href{https://doi.org/10.1017/S002211206700045X}{Journal of Fluid Mechanics}},
  author={Benjamin, T. Brooke and Feir, J. E.},
  year={1967},
  pages={417–430}
}

@article{MANUKURE2021100140,
  title={\href{https://www.sciencedirect.com/science/article/pii/S2666818121000747}{A short overview of solitons and applications}},
  journal={},
  volume={4},
  pages={100140},
  year={2021},
  issn={2666-8181},
  doi={https://doi.org/10.1016/j.padiff.2021.100140},
  author={S. Manukure and T. Booker},
  keywords={Soliton solution, Partial differential equation, KdV equation},
}